@MISC{ms2020,
    key     = {ms2020},
    title   = {{Microsoft Research. Towards 2020 Science.}},
    howpublished = {\url{research.microsoft.com/en-us/um/cambridge/projects/towards2020science/downloads/T2020S_ReportA4.pdf}},
    year    = 2006,
    month   = jan,
}
@MISC{synapse,
    key     = {synapse},
    title   = {{IBM Unveils Cognitive Computing Chips}},
    howpublished = {\url{http://www-03.ibm.com/press/us/en/pressrelease/35251.wss}},
    year    = 2011,
    month   = aug,
}

@ARTICLE{dvs,
    author  = {Lichtsteiner and P. and Posch and C. and Delbruck, T.},
    journal = {Solid-State Circuits, IEEE Journal of}, title={A 128 {$\times$} 128 120 dB
    15 {$\mu$}s Latency Asynchronous Temporal Contrast Vision Sensor},
    year    = {2008},
    month   = {feb },
    volume  = {43},
    number  = {2},
    pages   = {566 -576},
    keywords= {CMOS vision sensor;active continuous-time front-end logarithmic photoreceptor;address-event representation;bandwidth 3 kHz;chip power consumption;image sensor;latency asynchronous temporal contrast vision sensor;power 23 mW;self-timed switched-capacitor differencing circuit;silicon retina;size 0.35 mum;spike event;time 15 mus;CMOS image sensors;},
    doi     = {10.1109/JSSC.2007.914337},
    ISSN    = {0018-9200},
}

@ARTICLE{dropout,
    author    = {Geoffrey E. Hinton and
                   Nitish Srivastava and
                   Alex Krizhevsky and
                   Ilya Sutskever and
                   Ruslan Salakhutdinov},
    title     = {Improving neural networks by preventing co-adaptation of
               feature detectors},
    journal   = {CoRR},
    volume    = {abs/1207.0580},
    year      = {2012},
    howpublished = {\url{http://arxiv.org/abs/1207.0580}},
}

